<?xml version="1.0" encoding="UTF-8"?><collection xmlns="http://www.loc.gov/MARC21/slim"><record><leader>00821nam--2200193-u-4500</leader><controlfield tag="001">000055646</controlfield><controlfield tag="002">20161230</controlfield><controlfield tag="005">20161230201052</controlfield><controlfield tag="008">130314s1000------------r-----000-0-eng-d</controlfield><datafield ind1=" " ind2=" " tag="020"><subfield code="a">9780735405608</subfield></datafield><datafield ind1=" " ind2=" " tag="040"><subfield code="a">IFIN-HH</subfield></datafield><datafield ind1="1" ind2=" " tag="100"><subfield code="a">Cincu, Emanuela</subfield></datafield><datafield ind1="1" ind2="0" tag="245"><subfield code="a">Nuclear proficiency testing</subfield><subfield code="b">Proceeding of the first international workshop on nuclear proficiency testing in applications of the ionizing radiation and nuclear analytical techniques in industry, medicine, and environment 6-9 october 2007 bucharest, romania</subfield><subfield code="c">Emanuela cincu (chief editor) ioana manea (ed.) mike woods (guest editor)</subfield></datafield><datafield ind1=" " ind2=" " tag="260"><subfield code="a">Melville, New York</subfield><subfield code="b">Aip</subfield><subfield code="c">2008</subfield></datafield><datafield ind1=" " ind2=" " tag="300"><subfield code="a">XXIX+224P</subfield></datafield><datafield ind1=" " ind2=" " tag="490"><subfield code="a">Aip Conference Proceedings</subfield><subfield code="v">Vol. 1036</subfield></datafield><datafield ind1="1" ind2=" " tag="700"><subfield code="a">Woods, Mike</subfield><subfield code="e">Guest Editor</subfield></datafield><datafield ind1=" " ind2=" " tag="852"><subfield code="a">82353</subfield><subfield code="c">621.039</subfield></datafield><datafield ind1=" " ind2=" " tag="CAT"><subfield code="a">Sys</subfield><subfield code="c">20130408</subfield><subfield code="h">133117</subfield></datafield></record></collection>